<?xml version="1.0" encoding="UTF-8"?>
<record xmlns="http://www.loc.gov/MARC21/slim" xmlns:xsi="http://www.w3.org/2001/XMLSchema-instance" xsi:schemaLocation="http://www.loc.gov/MARC21/slim http://www.loc.gov/standards/marcxml/schema/MARC21slim.xsd">
<leader>00000cam a22      a 4500</leader>
<controlfield tag="001">001937042</controlfield>
<controlfield tag="003">NNU</controlfield>
<controlfield tag="005">20151021154937.0</controlfield>
<controlfield tag="008">910619s1973    ir c     b    001 0 ara d</controlfield>
<datafield tag="035" ind1=" " ind2=" ">
<subfield code="a">(OCoLC)477098878</subfield>
</datafield>
<datafield tag="040" ind1=" " ind2=" ">
<subfield code="a">NNU</subfield>
<subfield code="b">eng</subfield>
<subfield code="c">N15</subfield>
<subfield code="d">OCLCQ</subfield>
<subfield code="d">OCLCF</subfield>
<subfield code="d">OCLCO</subfield>
<subfield code="d">NNU</subfield>
</datafield>
<datafield tag="041" ind1="0" ind2=" ">
<subfield code="a">arapereng</subfield>
</datafield>
<datafield tag="043" ind1=" " ind2=" ">
<subfield code="a">a------</subfield>
<subfield code="a">f------</subfield>
</datafield>
<datafield tag="050" ind1=" " ind2="4">
<subfield code="a">Q143.B5</subfield>
<subfield code="b">A85 1973</subfield>
</datafield>
<datafield tag="100" ind1="1" ind2=" ">
<subfield code="6">880-01</subfield>
<subfield code="a">Bīrūnī, Muḥammad ibn Aḥmad,</subfield>
<subfield code="d">973?-1048.</subfield>
</datafield>
<datafield tag="245" ind1="1" ind2="0">
<subfield code="6">880-02</subfield>
<subfield code="a">Abū Rayḥān Bīrūnī va Ibn Sīnā :</subfield>
<subfield code="b">al-asʼilah wa-al-ajwibah : bih inz̤imām-i pāskhʹhā-yi darbārah-ʹi Abū Rayḥān va difāʻ-i Abū Saʻīd Maʻṣūmī az Ibn Sīnā /</subfield>
<subfield code="c">bih taṣḥīḥ va muqaddamah-ʹi Fārsī va Inglīsī Sayyid Ḥusayn Naṣr, Mahdī Muḥaqqiq.</subfield>
</datafield>
<datafield tag="260" ind1=" " ind2=" ">
<subfield code="6">880-03</subfield>
<subfield code="a">[Tehran] :</subfield>
<subfield code="b">Shūrā-yi ʻĀlī-i Farhang va Hunar, Markaz-i Muṭālaʻāt va Hamāhangī-i Farhangī,</subfield>
<subfield code="c">1352 [1973]</subfield>
</datafield>
<datafield tag="300" ind1=" " ind2=" ">
<subfield code="a">12, 90, 14 pages :</subfield>
<subfield code="b">portrait ;</subfield>
<subfield code="c">23 cm.</subfield>
</datafield>
<datafield tag="336" ind1=" " ind2=" ">
<subfield code="a">text</subfield>
<subfield code="b">txt</subfield>
<subfield code="2">rdacontent</subfield>
</datafield>
<datafield tag="337" ind1=" " ind2=" ">
<subfield code="a">unmediated</subfield>
<subfield code="b">n</subfield>
<subfield code="2">rdamedia</subfield>
</datafield>
<datafield tag="338" ind1=" " ind2=" ">
<subfield code="a">volume</subfield>
<subfield code="b">nc</subfield>
<subfield code="2">rdacarrier</subfield>
</datafield>
<datafield tag="490" ind1="1" ind2=" ">
<subfield code="6">880-04</subfield>
<subfield code="a">Shūrā-yi ʻĀlī-i Farhang va Hunar, Markaz-i Muṭālaʻāt va Hamāhangī-i Farhangī ;</subfield>
<subfield code="v">9</subfield>
</datafield>
<datafield tag="500" ind1=" " ind2=" ">
<subfield code="a">Title on p. [4] of cover: al-Biruni and Ibn Sina : al-asʼilah wa'l-ajwibah = questions and answers.</subfield>
</datafield>
<datafield tag="500" ind1=" " ind2=" ">
<subfield code="a">Text in Arabic; intro. in Persian and English.</subfield>
</datafield>
<datafield tag="504" ind1=" " ind2=" ">
<subfield code="a">Includes bibliographical references and index.</subfield>
</datafield>
<datafield tag="650" ind1=" " ind2="0">
<subfield code="a">Science</subfield>
<subfield code="z">Islamic countries</subfield>
<subfield code="v">Early works to 1800.</subfield>
</datafield>
<datafield tag="600" ind1="0" ind2="0">
<subfield code="a">Aristotle.</subfield>
<subfield code="t">De caelo.</subfield>
</datafield>
<datafield tag="630" ind1="0" ind2="7">
<subfield code="a">De caelo (Aristotle)</subfield>
<subfield code="2">fast</subfield>
<subfield code="0">(OCoLC)fst01357825.</subfield>
</datafield>
<datafield tag="650" ind1=" " ind2="7">
<subfield code="a">Science.</subfield>
<subfield code="2">fast</subfield>
<subfield code="0">(OCoLC)fst01108176.</subfield>
</datafield>
<datafield tag="651" ind1=" " ind2="7">
<subfield code="a">Islamic countries.</subfield>
<subfield code="2">fast</subfield>
<subfield code="0">(OCoLC)fst01244130.</subfield>
</datafield>
<datafield tag="655" ind1=" " ind2="7">
<subfield code="a">Early works.</subfield>
<subfield code="2">fast</subfield>
<subfield code="0">(OCoLC)fst01411636.</subfield>
</datafield>
<datafield tag="700" ind1="1" ind2=" ">
<subfield code="6">880-05</subfield>
<subfield code="a">Muḥaqqiq, Mahdī.</subfield>
</datafield>
<datafield tag="700" ind1="1" ind2=" ">
<subfield code="6">880-06</subfield>
<subfield code="a">Nasr, Seyyed Hossein.</subfield>
</datafield>
<datafield tag="700" ind1="0" ind2=" ">
<subfield code="6">880-07</subfield>
<subfield code="a">Avicenna,</subfield>
<subfield code="d">980-1037.</subfield>
</datafield>
<datafield tag="700" ind1="1" ind2=" ">
<subfield code="6">880-08</subfield>
<subfield code="a">Maʻṣūmī, Aḥmad ibn ʻAlī,</subfield>
<subfield code="d">active 11th century.</subfield>
<subfield code="t">Faqīh.</subfield>
</datafield>
<datafield tag="740" ind1="0" ind2=" ">
<subfield code="a">Questions and answers.</subfield>
</datafield>
<datafield tag="740" ind1="0" ind2=" ">
<subfield code="6">880-09</subfield>
<subfield code="a">Asʼilah wa'l-ajwibah.</subfield>
</datafield>
<datafield tag="740" ind1="0" ind2=" ">
<subfield code="6">880-10</subfield>
<subfield code="a">Bīrūnī va Ibn Sīnā .</subfield>
</datafield>
<datafield tag="740" ind1="0" ind2=" ">
<subfield code="6">880-11</subfield>
<subfield code="a">Asʼilah wa-al-ajwibah.</subfield>
</datafield>
<datafield tag="880" ind1="1" ind2=" ">
<subfield code="6">100-01/</subfield>
<subfield code="a">بيروني، محمد بن احمد،</subfield>
<subfield code="d">973?-1048.</subfield>
</datafield>
<datafield tag="880" ind1="1" ind2="0">
<subfield code="6">245-02/</subfield>
<subfield code="a">ابو رىحان بىرونى و ابن سىنا :</subfield>
<subfield code="b">الاسئله والاجوبه : به انضمام پاسخ‌اى درباره‌ ابو رىحان و دفاع ابو سعىد معصومى از ابن سىنا /</subfield>
<subfield code="c">به تصحىح و مقدمه‌ فارسى و انگلىسى سيد حسىن نصر، مهدى محقق.</subfield>
</datafield>
<datafield tag="880" ind1=" " ind2=" ">
<subfield code="6">260-03/</subfield>
<subfield code="a">[تهران] :</subfield>
<subfield code="b">شوراي عالي فرهنگ ڤ هنر، مركزا مطالعات ڤ هماهنگي فرهنگي،</subfield>
<subfield code="c">1352 [1973]</subfield>
</datafield>
<datafield tag="880" ind1="1" ind2=" ">
<subfield code="6">490-04/</subfield>
<subfield code="a">شوراى عالى فرهنگ و هنر، مرکز مطالعات و هماهنگى فرهنگى ؛</subfield>
<subfield code="v">9</subfield>
</datafield>
<datafield tag="880" ind1="1" ind2=" ">
<subfield code="6">700-05/</subfield>
<subfield code="a">محقق، مهدي.</subfield>
</datafield>
<datafield tag="880" ind1="1" ind2=" ">
<subfield code="6">700-06/</subfield>
<subfield code="a">نصر، سيد حسن.</subfield>
</datafield>
<datafield tag="880" ind1="0" ind2=" ">
<subfield code="6">700-07/</subfield>
<subfield code="a">ابن سينا،</subfield>
<subfield code="d">9801037.</subfield>
</datafield>
<datafield tag="880" ind1="1" ind2=" ">
<subfield code="6">700-08/</subfield>
<subfield code="a">معصومي، احمد بن علي،</subfield>
<subfield code="d">اتڤ 11ث نتري.</subfield>
<subfield code="t">فقيه.</subfield>
</datafield>
<datafield tag="880" ind1="0" ind2=" ">
<subfield code="6">740-09/</subfield>
<subfield code="a">اسئلة و'لاجوبة.</subfield>
</datafield>
<datafield tag="880" ind1="0" ind2=" ">
<subfield code="6">740-10/</subfield>
<subfield code="a">بيروني ڤ ابن سينا .</subfield>
</datafield>
<datafield tag="880" ind1="0" ind2=" ">
<subfield code="6">740-11/</subfield>
<subfield code="a">اسئلة والاجوبة.</subfield>
</datafield>
<datafield tag="830" ind1=" " ind2="0">
<subfield code="6">880-12</subfield>
<subfield code="a">Shūrā-yi ʻĀlī-i Farhang va Hunar (Iran).</subfield>
<subfield code="p">Markaz-i Muṭālaʻāt va Hamāhangī-i Farhangī (Series) ;</subfield>
<subfield code="v">9.</subfield>
</datafield>
<datafield tag="880" ind1=" " ind2="0">
<subfield code="6">830-12/</subfield>
<subfield code="a">شوراى عالى فرهنگ و هنر (ايران).</subfield>
<subfield code="p">مرکز مطالعات و هماهنگى فرهنگى ;</subfield>
<subfield code="v">9.</subfield>
</datafield>
<datafield tag="OWN" ind1=" " ind2=" ">
<subfield code="a">GENERAL</subfield>
</datafield>
<datafield tag="AVA" ind1=" " ind2=" ">
<subfield code="a">NYU50</subfield>
<subfield code="b">BOBST</subfield>
<subfield code="c">Main Collection</subfield>
<subfield code="d">Q143.B5 A85 1973</subfield>
<subfield code="e">unavailable</subfield>
<subfield code="t">Unavailable</subfield>
<subfield code="f">1</subfield>
<subfield code="g">1</subfield>
<subfield code="h">N</subfield>
<subfield code="i">0</subfield>
<subfield code="j">MAIN</subfield>
<subfield code="k">0</subfield>
</datafield>
</record>
